<?xml version="1.0" encoding="UTF-8" ?>
<collection xmlns:xsi="http://www.w3.org/2001/XMLSchema-instance"
    xsi:schemaLocation="http://www.loc.gov/MARC21/slim
        http://www.loc.gov/standards/marcxml/schema/MARC21slim.xsd"
    xmlns="http://www.loc.gov/MARC21/slim">
<record>
  <leader>00207cam a2200373 i 4500</leader>
  <controlfield tag="001">b12551648</controlfield>
  <controlfield tag="003">LeBAU</controlfield>
  <controlfield tag="005">20200707</controlfield>
  <controlfield tag="008">970801s1954    ua       b    ||0 0 ara d</controlfield>
  <datafield tag="035" ind1=" " ind2=" ">
    <subfield code="a">ocn784403182</subfield>
  </datafield>
  <datafield tag="040" ind1=" " ind2=" ">
    <subfield code="a">LEAUB</subfield>
    <subfield code="b">ara</subfield>
    <subfield code="e">rda</subfield>
    <subfield code="c">LEAUB</subfield>
    <subfield code="d">LEAUB</subfield>
  </datafield>
  <datafield tag="082" ind1="0" ind2="4">
    <subfield code="a">892.78</subfield>
    <subfield code="2">23</subfield>
  </datafield>
  <datafield tag="100" ind1="0" ind2=" ">
    <subfield code="6">880-01</subfield>
    <subfield code="a">Bint al-Shāṭiʼ.</subfield>
    <subfield code="e">author.</subfield>
    <subfield code="0">http://id.loc.gov/authorities/names/n79045867 ,</subfield>
  </datafield>
  <datafield tag="245" ind1="1" ind2="0">
    <subfield code="6">880-02</subfield>
    <subfield code="a">al-Ghufrān li-Abī al-ʻAlāʼ al-Maʻarrī :</subfield>
    <subfield code="b">taḥqīq wa-dars /</subfield>
    <subfield code="c">taʼlīf Bint al-Shāṭiʼ, al-mudarrisah bi-Jāmiʻat Ibrāhīm.</subfield>
  </datafield>
  <datafield tag="264" ind1=" " ind2="1">
    <subfield code="6">880-03</subfield>
    <subfield code="a">Miṣr :</subfield>
    <subfield code="b">Dār al-Maʻārif,</subfield>
    <subfield code="c">1954.</subfield>
  </datafield>
  <datafield tag="300" ind1=" " ind2=" ">
    <subfield code="6">880-04</subfield>
    <subfield code="a">z-r, 351 pages ;</subfield>
    <subfield code="c">24 cm</subfield>
  </datafield>
  <datafield tag="336" ind1=" " ind2=" ">
    <subfield code="a">text</subfield>
    <subfield code="b">txt</subfield>
    <subfield code="2">rdacontent</subfield>
  </datafield>
  <datafield tag="337" ind1=" " ind2=" ">
    <subfield code="a">unmediated</subfield>
    <subfield code="b">n</subfield>
    <subfield code="2">rdamedia</subfield>
  </datafield>
  <datafield tag="338" ind1=" " ind2=" ">
    <subfield code="a">volume</subfield>
    <subfield code="b">nc</subfield>
    <subfield code="2">rdacarrier</subfield>
  </datafield>
  <datafield tag="500" ind1=" " ind2=" ">
    <subfield code="a">"اقيم هذا البحث على النص الذي حققته الدراسة لرسالة الغفران بإشراف الأستاذ الدكتور طه حسين ونشرته دار المعارف في سلسلة ذخائر العرب ؛ ونوقش البحث في جامعة القاهرة في 5 من أبريل 1950، فنالت به الدارسة درجة الدكتوراه في الآداب بتقدير ممتاز."</subfield>
  </datafield>
  <datafield tag="504" ind1=" " ind2=" ">
    <subfield code="a">يتضمن مراجع ببليوغرافية.</subfield>
  </datafield>
  <datafield tag="600" ind1="0" ind2="4">
    <subfield code="a">أبو العلاء المعري،</subfield>
    <subfield code="d">973-1057.</subfield>
    <subfield code="t">رسالة الغفران.</subfield>
  </datafield>
  <datafield tag="600" ind1="1" ind2="0">
    <subfield code="a">Abū al-ʻAlāʼ al-Maʻarrī,</subfield>
    <subfield code="d">973-1057.</subfield>
    <subfield code="t">Risālat al-Ghufrān.</subfield>
  </datafield>
  <datafield tag="787" ind1="0" ind2="8">
    <subfield code="6">880-05</subfield>
    <subfield code="i">is critique of (work)</subfield>
    <subfield code="4">http://rdaregistry.info/Elements/w/P10182 :</subfield>
    <subfield code="a">Abū al-ʻAlāʼ al-Maʻarrī, 973-1057.</subfield>
    <subfield code="t">Risālat al-Ghufrān.</subfield>
    <subfield code="b">Ṭabʻah thāniyah, munaqqaḥah mustakmalat al-taḥqīq bi-makhṭūṭah jadīdah.</subfield>
    <subfield code="d">Miṣr : Dār al-Maʻārif, 1950</subfield>
    <subfield code="w">(OCoLC)784393608</subfield>
    <subfield code="w">(OCoLC)784393608</subfield>
  </datafield>
  <datafield tag="852" ind1=" " ind2=" ">
    <subfield code="a">Jafet Library</subfield>
    <subfield code="e">American University of Beirut, Bliss Street , Beirut, Lebanon.</subfield>
  </datafield>
  <datafield tag="880" ind1="0" ind2=" ">
    <subfield code="6">100-01/(3/r</subfield>
    <subfield code="a">بنت الشاطئ،</subfield>
    <subfield code="0">http://id.loc.gov/authorities/names/n79045867 ,</subfield>
    <subfield code="e">مؤلف. </subfield>
    <subfield code="4">aut.</subfield>
  </datafield>
  <datafield tag="880" ind1="1" ind2="3">
    <subfield code="6">245-02/(3/r</subfield>
    <subfield code="a">الغفران لأبي العلاء المعري :</subfield>
    <subfield code="b">تحقيق ودرس /</subfield>
    <subfield code="c">تأليف الدكتورة بنت الشاطئ، المدرسة بجامعة إبراهيم.</subfield>
  </datafield>
  <datafield tag="880" ind1=" " ind2="1">
    <subfield code="6">264-03/(3/r</subfield>
    <subfield code="a">مصر :</subfield>
    <subfield code="b">دار المعارف،</subfield>
    <subfield code="c">1954.</subfield>
  </datafield>
  <datafield tag="880" ind1=" " ind2=" ">
    <subfield code="6">300-04/(3/r</subfield>
    <subfield code="a">ز-ر، 351 صفحة ؛</subfield>
    <subfield code="c">24 سم</subfield>
  </datafield>
  <datafield tag="880" ind1="0" ind2="8">
    <subfield code="6">787-05/(3/r</subfield>
    <subfield code="i">نقد (عمل)</subfield>
    <subfield code="4">http://rdaregistry.info/Elements/w/P10182 :</subfield>
    <subfield code="a">أبو العلاء المعري، 973-1057.</subfield>
    <subfield code="t">رسالة الغفران.</subfield>
    <subfield code="b">طبعة ثانية، منقحة مستكملة التحقيق بمخطوطة جديدة.</subfield>
    <subfield code="d">مصر : دار المعارف، 1950</subfield>
    <subfield code="w">(LEAUB)b12537949</subfield>
    <subfield code="w">(OCoLC)784393608</subfield>
  </datafield>
  <datafield tag="907" ind1=" " ind2=" ">
    <subfield code="a">.b12551648</subfield>
    <subfield code="b">20-07-07</subfield>
    <subfield code="c">11-05-24</subfield>
  </datafield>
  <datafield tag="907" ind1=" " ind2=" ">
    <subfield code="a">.b12551648</subfield>
    <subfield code="b">15-10-15</subfield>
    <subfield code="c">11-05-24</subfield>
  </datafield>
  <datafield tag="945" ind1=" " ind2=" ">
    <subfield code="f">J</subfield>
    <subfield code="a">892.76:A316rYbA</subfield>
    <subfield code="i">01035794</subfield>
    <subfield code="j">.i13058514</subfield>
    <subfield code="l">u0503</subfield>
  </datafield>
  <datafield tag="998" ind1=" " ind2=" ">
    <subfield code="a">u05</subfield>
    <subfield code="b">97-08-01</subfield>
    <subfield code="c">m</subfield>
    <subfield code="d">a  </subfield>
    <subfield code="e">-</subfield>
    <subfield code="f">ara</subfield>
    <subfield code="g">ua </subfield>
    <subfield code="h">0</subfield>
    <subfield code="i">1</subfield>
  </datafield>
</record>
</collection>
